@incollection{moulin2022induction,
  title={The the the the induction of jamais vu in the laboratory: word alienation and semantic satiation},
  author={Moulin, Chris JA and Bell, Nicole and Turunen, Merita and Baharin, Arin and Oâ€™Connor, Akira R},
  booktitle={D{\'e}j{\`a} vu and Other Dissociative States in Memory},
  pages={99--108},
  year={2022},
  publisher={Routledge}
}

@article{torres2020neurocognitive,
  title={Neurocognitive signatures of phonemic sequencing in expert backward speakers},
  author={Torres-Prioris, Mar{\'\i}a Jos{\'e} and L{\'o}pez-Barroso, Diana and C{\`a}mara, Estela and Fittipaldi, Sol and Sede{\~n}o, Lucas and Ib{\'a}{\~n}ez, Agust{\'\i}n and Berthier, Marcelo L and Garc{\'\i}a, Adolfo M},
  journal={Scientific reports},
  volume={10},
  number={1},
  pages={10621},
  year={2020},
  publisher={Nature Publishing Group UK London}
}